@article{ref1,
title={Design {Techniques} for {Signal} {Reflection} {Suppression} in {High-Speed} {25-Gb/s} {Laser} {Drivers} in {CMOS}},
author={Jingbo Shi and Bozhi Yin},
journal={IEEE PHOTONICS TECHNOLOGY LETTERS},
volume={VOL.30},
number={1},
pages={39--42},
year={2018},
}

@article{equalizer,
title={Equalizeztion and Clock and Data Recovery Techniques for 10Gbps CMOS Serial-Link Receivers},
author={Srikanth Gondi and Behzad Razavi},
journal={IEEE JOURNAL OF SOLID-STATE CIRCUITS},
volume={VOL.42},
number={9},
pages={1999--2011},
year={2007},
}
